<?xml version="1.0" encoding="UTF-8"?><collection xmlns="http://www.loc.gov/MARC21/slim"><record><leader>00575nam--2200181-i-4500</leader><controlfield tag="001">000043326</controlfield><controlfield tag="002">20161230</controlfield><controlfield tag="005">20161230201044</controlfield><controlfield tag="008">060222s1000------------r-----000-0-eng-d</controlfield><datafield ind1=" " ind2=" " tag="040"><subfield code="a">IFIN-HH</subfield></datafield><datafield ind1=" " ind2=" " tag="080"><subfield code="a">537.311.33</subfield></datafield><datafield ind1="1" ind2=" " tag="100"><subfield code="a">Hauffe, K</subfield></datafield><datafield ind1="1" ind2="0" tag="245"><subfield code="a">Symposium on electronic phenomena im chemisorption and catalysis on semiconductors, held in moscow, july 2-4, 1968</subfield><subfield code="c">K. hauffe; th. wolkenstein (eds.)</subfield></datafield><datafield ind1=" " ind2=" " tag="260"><subfield code="a">Berlin</subfield><subfield code="b">Walter De Gruyter &amp; Co</subfield><subfield code="c">1969</subfield></datafield><datafield ind1=" " ind2=" " tag="300"><subfield code="a">261 P</subfield></datafield><datafield ind1=" " ind2=" " tag="700"><subfield code="a">Wolkenstein, Th</subfield><subfield code="e">Ed</subfield></datafield><datafield ind1=" " ind2=" " tag="852"><subfield code="a">34311</subfield><subfield code="c">537.311.33</subfield></datafield><datafield ind1=" " ind2=" " tag="CAT"><subfield code="a">Sys</subfield><subfield code="c">20110721</subfield><subfield code="h">121708</subfield></datafield></record></collection>